<?xml version="1.0" encoding="UTF-8"?><collection xmlns="http://www.loc.gov/MARC21/slim"><record><leader>00564nam--2200169-i-4500</leader><controlfield tag="001">000014115</controlfield><controlfield tag="002">20161230</controlfield><controlfield tag="005">20161230201030</controlfield><controlfield tag="008">060222s1000------------r-----000-0-eng-d</controlfield><datafield ind1=" " ind2=" " tag="040"><subfield code="a">IFIN-HH</subfield></datafield><datafield ind1=" " ind2=" " tag="080"><subfield code="a">539.1.074:681.785.235:681.3</subfield></datafield><datafield ind1="1" ind2=" " tag="100"><subfield code="a">Bergier, A</subfield></datafield><datafield ind1="1" ind2="0" tag="245"><subfield code="a">Data processing for hybrid systems of detectors</subfield><subfield code="b">Aspects of preparation and analysis of elementary particle experiments at high energy</subfield><subfield code="c">A. bergier</subfield></datafield><datafield ind1=" " ind2=" " tag="260"><subfield code="a">Stockholm</subfield><subfield code="b">University Of Stockholm</subfield><subfield code="c">1981</subfield></datafield><datafield ind1=" " ind2=" " tag="300"><subfield code="a">52 P</subfield></datafield><datafield ind1=" " ind2=" " tag="852"><subfield code="a">70080</subfield><subfield code="c">539.1.07:539.1.08</subfield></datafield><datafield ind1=" " ind2=" " tag="CAT"><subfield code="a">Sys</subfield><subfield code="c">20111031</subfield><subfield code="h">091446</subfield></datafield></record></collection>